<record><leader>00000cas a22000007a 4500</leader><controlfield tag="001">13656567</controlfield><controlfield tag="008">860529d19221929nvuir ne      0    0eng d</controlfield><datafield ind1=" " ind2=" " tag="010"><subfield code="a">sn 86076165 </subfield></datafield><datafield ind1=" " ind2=" " tag="040"><subfield code="a">NNX</subfield><subfield code="b">eng</subfield><subfield code="c">NNX</subfield><subfield code="d">OCLCQ</subfield></datafield><datafield ind1=" " ind2=" " tag="042"><subfield code="a">msc</subfield></datafield><datafield ind1="0" ind2="0" tag="245"><subfield code="a">Las Vegas review.</subfield></datafield><datafield ind1=" " ind2=" " tag="260"><subfield code="a">Las Vegas, Nev. :</subfield><subfield code="b">T.S. Trebell,</subfield><subfield code="c">1922-1929.</subfield></datafield><datafield ind1=" " ind2=" " tag="300"><subfield code="a">7 v. :</subfield><subfield code="b">ill.</subfield></datafield><datafield ind1=" " ind2=" " tag="310"><subfield code="a">Three times a week,</subfield><subfield code="b">Mar. 26, 1928-Jan. 25, 1929</subfield></datafield><datafield ind1=" " ind2=" " tag="321"><subfield code="a">Weekly,</subfield><subfield code="b">Mar. 3, 1922-Sept. 3, 1926</subfield></datafield><datafield ind1=" " ind2=" " tag="321"><subfield code="a">Semiweekly,</subfield><subfield code="b">Sept. 7, 1926-Mar. 23, 1928</subfield></datafield><datafield ind1="0" ind2=" " tag="362"><subfield code="a">Vol. 15, no. 9 (Mar. 3, 1922)-v. 21, no. 10 (Jan. 25, 1929).</subfield></datafield><datafield ind1=" " ind2=" " tag="500"><subfield code="a">Publisher: Oct. 6, 1922-Mar. 2, 1923, Lightfoot &amp; Rector; Mar. 9, 1923-Apr. 13, 1923, W.P. Rector; Apr. 20, 1923-Sept. 26, 1924, C.C. Corkhill; Oct. 3, 1924-Apr. 30, 1926, N.M. Corkhill; May 7, 1926-Jan. 25, 1929, F.F. Garside.</subfield></datafield><datafield ind1=" " ind2=" " tag="515"><subfield code="a">Frequent misnumbering.</subfield></datafield><datafield ind1=" " ind2=" " tag="525"><subfield code="a">Supplements accompany some issues.</subfield></datafield><datafield ind1=" " ind2=" " tag="752"><subfield code="a">United States</subfield><subfield code="b">Nevada</subfield><subfield code="c">Clark</subfield><subfield code="d">Las Vegas.</subfield></datafield><datafield ind1="0" ind2="0" tag="780"><subfield code="t">Clark county review</subfield><subfield code="w">(DLC)sn 86076164</subfield></datafield><datafield ind1="0" ind2="0" tag="785"><subfield code="t">Las Vegas evening review</subfield><subfield code="w">(DLC)sn 86076166</subfield></datafield></record>